<record><leader>00000cas a22000007a 4500</leader><controlfield tag="001">36668508</controlfield><controlfield tag="008">970402d1949195utnucr ne      0    0eng d</controlfield><datafield ind1=" " ind2=" " tag="010"><subfield code="a">sn 97065056 </subfield></datafield><datafield ind1=" " ind2=" " tag="040"><subfield code="a">TGN</subfield><subfield code="b">eng</subfield><subfield code="c">TGN</subfield><subfield code="d">OCLCQ</subfield><subfield code="d">OCLCF</subfield><subfield code="d">OCLCO</subfield></datafield><datafield ind1="1" ind2=" " tag="029"><subfield code="a">AU@</subfield><subfield code="b">000013197232</subfield></datafield><datafield ind1=" " ind2=" " tag="042"><subfield code="a">msc</subfield></datafield><datafield ind1="0" ind2="4" tag="245"><subfield code="a">The Bedford County news.</subfield></datafield><datafield ind1=" " ind2=" " tag="260"><subfield code="a">Shelbyville, Tenn. :</subfield><subfield code="b">Bedford Pub. Co.,</subfield><subfield code="c">1949-</subfield></datafield><datafield ind1=" " ind2=" " tag="300"><subfield code="a">v.</subfield></datafield><datafield ind1=" " ind2=" " tag="310"><subfield code="a">Semiweekly,</subfield><subfield code="b">Sept. 24, 1952-</subfield></datafield><datafield ind1=" " ind2=" " tag="321"><subfield code="a">Weekly, Feb. 17, 1949-Sept 18, 1952</subfield></datafield><datafield ind1="0" ind2=" " tag="362"><subfield code="a">Vol. 1, no. 1 (Feb. 17, 1949)-</subfield></datafield><datafield ind1=" " ind2="0" tag="651"><subfield code="a">Shelbyville (Tenn.)</subfield><subfield code="v">Newspapers.</subfield></datafield><datafield ind1=" " ind2="0" tag="651"><subfield code="a">Bedford County (Tenn.)</subfield><subfield code="v">Newspapers.</subfield></datafield><datafield ind1=" " ind2="7" tag="655"><subfield code="a">Newspapers.</subfield><subfield code="2">fast</subfield><subfield code="0">(OCoLC)fst01423814</subfield></datafield><datafield ind1=" " ind2="7" tag="651"><subfield code="a">Tennessee</subfield><subfield code="z">Bedford County.</subfield><subfield code="2">fast</subfield><subfield code="0">(OCoLC)fst01226019</subfield></datafield><datafield ind1=" " ind2="7" tag="651"><subfield code="a">Tennessee</subfield><subfield code="z">Shelbyville.</subfield><subfield code="2">fast</subfield><subfield code="0">(OCoLC)fst01226018</subfield></datafield><datafield ind1=" " ind2=" " tag="752"><subfield code="a">United States</subfield><subfield code="b">Tennessee</subfield><subfield code="c">Bedford</subfield><subfield code="d">Shelbyville.</subfield></datafield></record>